@article{aeberhardetal18,
  title = {Review of {{State}}-{{Space Models}} for {{Fisheries Science}}},
  author = {Aeberhard, William H. and Mills Flemming, Joanna and Nielsen, Anders},
  year = {2018},
  month = mar,
  journal = {Annu. Rev. Stat. Appl.},
  volume = {5},
  number = {1},
  pages = {215--235},
  issn = {2326-8298, 2326-831X},
  doi = {10.1146/annurev-statistics-031017-100427},
}

@article{bergnielsen16,
  title = {Accounting for Correlated Observations in an Age-Based State-Space Stock Assessment Model},
  author = {Berg, Casper W. and Nielsen, Anders},
  year = {2016},
  month = jul,
  journal = {ICES J Mar Sci},
  volume = {73},
  number = {7},
  pages = {1788--1797},
  issn = {1054-3139},
  doi = {10.1093/icesjms/fsw046},
}

@article{cadigan16,
author = {Cadigan, Noel G.},
title = {A state-space stock assessment model for northern cod, including under-reported catches and variable natural mortality rates},
journal = {Canadian Journal of Fisheries and Aquatic Sciences},
volume = {73},
number = {2},
pages = {296-308},
year = {2016},
doi = {10.1139/cjfas-2015-0047}}

@article{fischetal21,
  title = {Assessing Likelihoods for Fitting Composition Data within Stock Assessments, with Emphasis on Different Degrees of Process and Observation Error},
  author = {Fisch, Nicholas and Camp, Ed and Shertzer, Kyle and Ahrens, Robert},
  year = {2021},
  journal = {Fisheries Research},
  volume = {243},
  pages = {106069},
  issn = {0165-7836},
  doi = {10.1016/j.fishres.2021.106069},
}

@article{kristensenetal16,
  title = {{{TMB}}: Automatic Differentiation and {{Laplace}} Approximation},
  shorttitle = {{{TMB}}},
  author = {Kristensen, Kasper and Nielsen, Anders and Berg, Casper and Skaug, Hans and Bell, Bradley M},
  year = {2016},
  journal = {Journal of Statistical Software},
  volume = {70},
  pages = {1--21},
  doi = {10.18637/jss.v070.i05},
}

@techreport{legaultrestreppo98,
  title = {A {{Flexible Forward Age}}-{{Structured Assessment Program}}},
  author = {Legault, Christopher M and Restrepo, Victor R},
  year = {1998},
  number = {49},
  pages = {246--253},
}

@article{legaultetal23,
  author = {C. M. Legault and J. Wiedenmann and J. J. Deroba and G. Fay and T. J.  Miller and E. N. Brooks and R. J. Bell and J. Langan and J. Cournane and A. W. Jones and B. Muffley},
  year = 2023,
  title = {Data Rich but Model Resistant: An Evaluation of Data-Limited Methods to Manage Fisheries with Failed Age-based Stock Assessments},
  journal = {Canadian Journal of Fisheries and Aquatic Sciences},
  volume = 80,
  number = {1},
  pages = {27--42},
  doi = {10.1139/cjfas-2022-0045},
  note = {doi: 10.1139/cjfas-2022-0045}}

@article{millerandersen08,
  year = 2008,
  author = {T. J. Miller and P. K. Andersen},
  title = { A finite-state continuous-time approach for inferring regional migration and mortality rates from archival tagging and conventional tag-recovery experiments},
  journal = {Biometrics},
  volume = 64,
  number = 4,
  pages = {1196--1206},
  doi = {10.1111/j.1541-0420.2008.00996.x},
  note = {doi: 10.1111/j.1541-0420.2008.00996.x}}

@techreport{fay_bsb_ss_wp,
  title = {Application of Stock Synthesis to black sea bass},
  author = {Fay, Gavin and McNamee, J.},
  year = {2023},
  Institution = {Working paper for the 2023 black sea bass research track assessment peer review.}
}

@techreport{miller_bsb_wham_wp,
  title = {{Multi-WHAM}: A multi-stock, multi-region extension of the Woods
Hole Assessment Model},
  author = {Miller, Timothy J.},
  year = {2023},
  Institution = {Working paper for the 2023 black sea bass research track assessment peer review.}
}

@techreport{millerlegault15,
  title = {Technical Details for {{ASAP}} Version 4},
  author = {Miller, Timothy J and Legault, Christopher M.},
  year = {2015},
  month = sep,
  number = {Ref Doc. 15-17},
  pages = {136},
  institution = {{US Dept Commer, Northeast Fish Sci Cent}},
  url = {doi:10.7289/V57W695G},
  urldate = {2019-10-17},
  copyright = {Public Domain},
}

@article{milleretal16,
  title = {A State-Space Approach to Incorporating Environmental Effects on Recruitment in an Age-Structured Assessment Model with an Application to Southern {{New England}} Yellowtail Flounder},
  author = {Miller, Timothy J. and Hare, Jonathan A. and Alade, Larry A.},
  year = {2016},
  month = aug,
  journal = {Can. J. Fish. Aquat. Sci.},
  volume = {73},
  number = {8},
  pages = {1261--1270},
  issn = {0706-652X, 1205-7533},
  doi = {10.1139/cjfas-2015-0339},
}

@article{milleretal16_yoy_survival,
  author = {A. S. Miller and G. R. Shepherd and P. S. Fratantoni},
  year = 2016,
  title = "Offshore Habitat Preference of Overwintering Juvenile and Adult Black Sea Bass, \textit{Centropristis} \textit{striata}, and the Relationship to Year-Class Success",
  journal = {{PLOS} {ONE}},
  volume =  11
  number = 1,
  pages = {e0147627}}

@article{millerhyun18,
  title = {Evaluating Evidence for Alternative Natural Mortality and Process Error Assumptions Using a State-Space, Age-Structured Assessment Model},
  author = {Miller, Timothy J. and Hyun, Saang-Yoon},
  year = {2018},
  month = may,
  journal = {Can. J. Fish. Aquat. Sci.},
  volume = {75},
  number = {5},
  pages = {691--703},
  issn = {0706-652X, 1205-7533},
  doi = {10.1139/cjfas-2017-0035},
}

@article{milleretal18,
  title = {Temporal and Environmental Variation in Growth and Maturity and Effects on Management Reference Points of {{Georges Bank Atlantic}} Cod},
  author = {Miller, Timothy J. and O'Brien, Loretta and Fratantoni, Paula S.},
  year = {2018},
  month = dec,
  journal = {Can. J. Fish. Aquat. Sci.},
  volume = {75},
  number = {12},
  pages = {2159--2171},
  issn = {0706-652X, 1205-7533},
  doi = {10.1139/cjfas-2017-0124},
}

@misc{millerstock20,
  title = {The {{Woods Hole Assessment Model}} ({{WHAM}})},
  author = {Miller, Timothy J. and Stock, Brian C.},
  year = {2020},
  url = {https://timjmiller.github.io/wham/}
}

@article{nielsenberg14,
  title = {Estimation of Time-Varying Selectivity in Stock Assessments Using State-Space Models},
  author = {Nielsen, Anders and Berg, Casper W.},
  year = {2014},
  month = oct,
  journal = {Fisheries Research},
  volume = {158},
  pages = {96--101},
  issn = {01657836},
  doi = {10.1016/j.fishres.2014.01.014},
  langid = {english},
}

@misc{R21,
  title = {R: A {{Language}} and {{Environment}} for {{Statistical Computing}}},
  author = {{R Core Team}},
  year = {2021},
  address = {{Vienna, Austria}},
  url = {https://www.R-project.org},
  howpublished = {R Foundation for Statistical Computing}
}

@article{stocketal21,
  title = {Implementing Two-Dimensional Autocorrelation in Either Survival or Natural Mortality Improves a State-Space Assessment Model for {{Southern New England}}-{{Mid Atlantic}} Yellowtail Flounder},
  author = {Stock, Brian C. and Xu, Haikun and Miller, Timothy J. and Thorson, James T. and Nye, Janet A.},
  year = {2021},
  month = may,
  journal = {Fisheries Research},
  volume = {237},
  pages = {105873},
  issn = {0165-7836},
  doi = {10.1016/j.fishres.2021.105873},
}

@article{stockmiller21,
  title = {The {{Woods Hole Assessment Model}} ({{WHAM}}): A General State-Space Assessment Framework That Incorporates Time- and Age-Varying Processes via Random Effects and Links to Environmental Covariates},
  shorttitle = {The {{Woods Hole Assessment Model}} ({{WHAM}})},
  author = {Stock, Brian C. and Miller, Timothy J.},
  year = {2021},
  month = aug,
  journal = {Fisheries Research},
  volume = {240},
  pages = {105967},
  issn = {0165-7836},
  doi = {10.1016/j.fishres.2021.105967},
}

@article{thygesenetal17,
  title = {{Validation of ecological state space models using the Laplace approximation}},
  author = {Thygesen, Uffe H. and Albertsen, Christoffer M. and Berg, Casper W. and Kristensen, Kasper and Nielsen, Anders},
  year = 2017,
  journal = {Environmental and Ecological Statistics}, 
  volume = 24,
  number = 2,
  pages = {317--339},
  doi = {10.1007/s10651-017-0372-4}}



